      @MISC{VideoGameSurvery,
            author =       "Phil Salvador",
            title =        "Survey of the Video Game Reissue Market in the United States (1.1)",
            howpublished = "online",
            year =         "2023",
            url =          "https://doi.org/10.5281/zenodo.8161056",
      }

      @MISC{SonyVsConnectix,
            title =        "Sony Computer Entertainment v. Connectix Corp., 203 F.3d 596 (9th Cir. 2000)",
            howpublished = "online",
            year =         "2000",
            url =          "https://casetext.com/case/sony-computer-entertainment-v-connectix-corp-2"
      }

      @MISC{MIPSSpec,
            author =       "Integrated Device Technology, Inc.",
            title =        "IDT R30xx Family Software Reference Manual",
            howpublished = "online",
            year =         "1994",
            url =          "https://hitmen.c02.at/files/docs/psx/3467.pdf"
      }

      @MISC{MIPSInsSpec,
            author =       "Chrles Price",
            title =        "MIPS IV Instruction Set",
            howpublished = "online",
            year =         "1995",
            url =          "https://www.cs.cmu.edu/afs/cs/academic/class/15740-f97/public/doc/mips-isa.pdf"
      }

      @MISC{PinedaAlgorithm,
            author =       "Juan Pineda",
            title =        "A Parallel Algorithm for Polygon Rasterization",
            publisher =    "Apollo Computer Inc.",
            year =         "1988",
            howpublished = "online",
            url =          "https://www.cs.drexel.edu/~deb39/Classes/Papers/comp175-06-pineda.pdf"
      }

      @website{VideoGameProfit,
            author =       "newzoo.com",
            title =        "Key Numbers, Archived from https://newzoo.com/key-numbers/",
            howpublished = "online",
            year =         "2019",
            url =          "https://web.archive.org/web/20190509014637/https://newzoo.com/key-numbers/",
      }

      @website{PSXSpec,
            author =       "Martin 'nocash' Korth",
            title =        "PlayStation Specifications",
            howpublished = "online",
            year =         "2022",
            url =          "https://psx-spx.consoledev.net/"
      }

      @website{PlayStationNintendo,
            title =        "Nintendo PlayStation prototype - PlayStation Wikipedia",
            howpublished = "online",
            year =         "2020",
            url =          "https://playstation.fandom.com/wiki/Nintendo_PlayStation"
      }